<record><leader>00000cas a2200000 a 4500</leader><controlfield tag="001">8817868</controlfield><controlfield tag="008">820929d18481858iludn ne      0   a0eng  </controlfield><datafield ind1=" " ind2=" " tag="010"><subfield code="a">sn 82014273 </subfield></datafield><datafield ind1=" " ind2=" " tag="040"><subfield code="a">DLC</subfield><subfield code="b">eng</subfield><subfield code="c">DLC</subfield><subfield code="d">NPW</subfield><subfield code="d">NYG</subfield><subfield code="d">NPX</subfield><subfield code="d">DLC</subfield><subfield code="d">NPI</subfield><subfield code="d">NPU</subfield><subfield code="d">NPA</subfield><subfield code="d">NPT</subfield><subfield code="d">DLC</subfield><subfield code="d">NPA</subfield><subfield code="d">YOX</subfield><subfield code="d">NVF</subfield><subfield code="d">DLC</subfield><subfield code="d">NVF</subfield><subfield code="d">CRL</subfield><subfield code="d">NVF</subfield><subfield code="d">KNP</subfield><subfield code="d">NVF</subfield><subfield code="d">CNK</subfield><subfield code="d">FUG</subfield><subfield code="d">NVF</subfield><subfield code="d">NVK</subfield><subfield code="d">CVF</subfield><subfield code="d">OCL</subfield><subfield code="d">NVF</subfield><subfield code="d">IUL</subfield><subfield code="d">OCLCQ</subfield><subfield code="d">NVF</subfield><subfield code="d">LRU</subfield><subfield code="d">NVF</subfield><subfield code="d">KRTAS</subfield><subfield code="d">CUI</subfield><subfield code="d">UKMGB</subfield><subfield code="d">NVF</subfield><subfield code="d">OCLCF</subfield><subfield code="d">NVF</subfield><subfield code="d">OCLCO</subfield><subfield code="d">DLC</subfield></datafield><datafield ind1=" " ind2=" " tag="012"><subfield code="l">a</subfield></datafield><datafield ind1="7" ind2=" " tag="016"><subfield code="a">013917680</subfield><subfield code="2">Uk</subfield></datafield><datafield ind1="0" ind2=" " tag="022"><subfield code="a">2572-9330</subfield><subfield code="2">1</subfield></datafield><datafield ind1=" " ind2=" " tag="042"><subfield code="a">pcc</subfield><subfield code="a">nsdp</subfield></datafield><datafield ind1=" " ind2=" " tag="043"><subfield code="a">n-us-il</subfield></datafield><datafield ind1="0" ind2="0" tag="050"><subfield code="a">Newspaper 7574-X</subfield></datafield><datafield ind1=" " ind2="4" tag="050"><subfield code="a">AN</subfield></datafield><datafield ind1="1" ind2="0" tag="082"><subfield code="a">070</subfield><subfield code="2">23</subfield></datafield><datafield ind1="0" ind2=" " tag="130"><subfield code="a">Chicago daily tribune (Chicago, Ill. : 1848)</subfield></datafield><datafield ind1=" " ind2="0" tag="222"><subfield code="a">Chicago daily tribune</subfield></datafield><datafield ind1="1" ind2="0" tag="245"><subfield code="a">Chicago daily tribune.</subfield></datafield><datafield ind1="1" ind2="7" tag="246"><subfield code="a">Daily tribune</subfield></datafield><datafield ind1=" " ind2=" " tag="260"><subfield code="a">Chicago, Ill. :</subfield><subfield code="b">Wheeler, Stewart &amp; Scripps</subfield></datafield><datafield ind1=" " ind2=" " tag="300"><subfield code="a">v.</subfield></datafield><datafield ind1=" " ind2=" " tag="310"><subfield code="a">Daily (except Sunday)</subfield></datafield><datafield ind1="1" ind2=" " tag="362"><subfield code="a">Began in  1848?</subfield></datafield><datafield ind1="0" ind2=" " tag="362"><subfield code="a">-v. 12, no. 17 (June 28, 1858).</subfield></datafield><datafield ind1=" " ind2=" " tag="515"><subfield code="a">Suspended Mar. 23-24, 1849.</subfield></datafield><datafield ind1=" " ind2=" " tag="515"><subfield code="a">Issues for &lt;Dec. 1, 1852-Sept. 30, 1854&gt; called also &lt;new ser., v. 1, no. 133-new ser. v. 2&gt;.</subfield></datafield><datafield ind1=" " ind2=" " tag="580"><subfield code="a">Merged with: Chicago daily press (Chicago, Ill. : 1857), to form: Chicago daily press and tribune.</subfield></datafield><datafield ind1=" " ind2=" " tag="580"><subfield code="a">Weekly ed.: Chicago weekly tribune (Chicago, Ill. : 1851), &lt;1851-1856&gt;.</subfield></datafield><datafield ind1=" " ind2=" " tag="588"><subfield code="a">Description based on: Vol. 2 (Apr. 23, 1849).</subfield></datafield><datafield ind1=" " ind2="0" tag="651"><subfield code="a">Chicago (Ill.)</subfield><subfield code="v">Newspapers.</subfield></datafield><datafield ind1=" " ind2="0" tag="651"><subfield code="a">Cook County (Ill.)</subfield><subfield code="v">Newspapers.</subfield></datafield><datafield ind1=" " ind2="7" tag="651"><subfield code="a">Illinois</subfield><subfield code="z">Chicago.</subfield><subfield code="2">fast</subfield><subfield code="0">(OCoLC)fst01204048</subfield></datafield><datafield ind1=" " ind2="7" tag="651"><subfield code="a">Illinois</subfield><subfield code="z">Cook County.</subfield><subfield code="2">fast</subfield><subfield code="0">(OCoLC)fst01205334</subfield></datafield><datafield ind1=" " ind2="7" tag="655"><subfield code="a">Newspapers.</subfield><subfield code="2">fast</subfield><subfield code="0">(OCoLC)fst01423814</subfield></datafield><datafield ind1=" " ind2=" " tag="752"><subfield code="a">United States</subfield><subfield code="b">Illinois</subfield><subfield code="c">Cook</subfield><subfield code="d">Chicago.</subfield></datafield><datafield ind1="1" ind2=" " tag="775"><subfield code="t">Chicago weekly tribune (Chicago, Ill. : 1851)</subfield><subfield code="w">(DLC)sn 84038731</subfield><subfield code="w">(OCoLC)11482724</subfield></datafield><datafield ind1="0" ind2="8" tag="776"><subfield code="i">Online version:</subfield><subfield code="t">Chicago daily tribune (Chicago, Ill. : 1849 : Online)</subfield><subfield code="x">2572-9349</subfield><subfield code="w">(DLC)  2006266029</subfield><subfield code="w">(OCoLC)77083010</subfield></datafield><datafield ind1="0" ind2="5" tag="780"><subfield code="t">Gem of the prairie</subfield><subfield code="x">2572-9306</subfield><subfield code="w">(DLC)sn 82014571</subfield><subfield code="w">(OCoLC)8597968</subfield></datafield><datafield ind1="1" ind2="7" tag="785"><subfield code="t">Chicago daily press (Chicago, Ill. : 1857)</subfield><subfield code="x">2572-9381</subfield><subfield code="w">(DLC)sn 84024106</subfield><subfield code="w">(OCoLC)10511373</subfield></datafield><datafield ind1="1" ind2="7" tag="785"><subfield code="t">Chicago daily press and tribune</subfield><subfield code="w">(DLC)sn 84031489</subfield><subfield code="w">(OCoLC)10995497</subfield></datafield><datafield ind1="4" ind2="1" tag="856"><subfield code="u">http://gateway.proquest.com/openurl?ctx_ver=Z39.88-2004&amp;res_id=xri:pqd::hnp&amp;rft_val_fmt=ori:/fmt:kev:mtx:journal&amp;jtitle=Chicago_Daily_Tribune_(1847-1858)&amp;issn=&amp;svc_id=xri:pqil:context=title</subfield></datafield><datafield ind1=" " ind2=" " tag="938"><subfield code="a">Kirtas Technologies, Inc.</subfield><subfield code="b">KRTS</subfield><subfield code="n">736105</subfield></datafield><datafield ind1="1" ind2=" " tag="029"><subfield code="a">AU@</subfield><subfield code="b">000003771250</subfield></datafield></record>